<?xml version="1.0" encoding="UTF-8"?>
<collection xmlns:xsi="http://www.w3.org/2001/XMLSchema-instance" xsi:schemaLocation="http://www.loc.gov/MARC21/slim http://www.loc.gov/standards/marcxml/schema/MARC21slim.xsd" xmlns="http://www.loc.gov/MARC21/slim">
<record>
  <leader>02602cam a2200421 a 4500</leader>
  <controlfield tag="001">2231987</controlfield>
  <controlfield tag="003">NNC</controlfield>
  <controlfield tag="005">20140126213323.0</controlfield>
  <controlfield tag="008">860424r19831952ir a     b    001 0 ara  </controlfield>
  <datafield tag="010" ind1=" " ind2=" ">
    <subfield code="a">   86930441 /NE</subfield>
  </datafield>
  <datafield tag="035" ind1=" " ind2=" ">
    <subfield code="a">(OCoLC)15133425</subfield>
  </datafield>
  <datafield tag="035" ind1=" " ind2=" ">
    <subfield code="a">(OCoLC)ocm15133425</subfield>
  </datafield>
  <datafield tag="035" ind1=" " ind2=" ">
    <subfield code="9">ANW2711CU</subfield>
  </datafield>
  <datafield tag="035" ind1=" " ind2=" ">
    <subfield code="a">(NNC)2231987</subfield>
  </datafield>
  <datafield tag="035" ind1=" " ind2=" ">
    <subfield code="a">2231987</subfield>
  </datafield>
  <datafield tag="050" ind1="0" ind2=" ">
    <subfield code="a">B751</subfield>
    <subfield code="b">.S5 1983</subfield>
  </datafield>
  <datafield tag="066" ind1=" " ind2=" ">
    <subfield code="c">(3</subfield>
  </datafield>
  <datafield tag="100" ind1="0" ind2=" ">
    <subfield code="6">880-01</subfield>
    <subfield code="a">Avicenna,</subfield>
    <subfield code="d">980-1037.</subfield>
  </datafield>
  <datafield tag="245" ind1="1" ind2="3">
    <subfield code="6">880-02</subfield>
    <subfield code="a">al-Shifāʾ /</subfield>
    <subfield code="c">Ibn Sīnā ; taṣdīr Ṭāhā Ḥusayn ; murājaʻat Ibrāhīm Madkūr ; taḥqīq al-Ab Qanawātī, Maḥmūd al-Khuḍayrī, Fuʾād al-Ihwānī.</subfield>
  </datafield>
  <datafield tag="260" ind1=" " ind2=" ">
    <subfield code="6">880-03</subfield>
    <subfield code="a">Qum, Īrān :</subfield>
    <subfield code="b">Maktabat Āyat Allāh al-ʻUẓmá al-Marʻashī al-Najafī,</subfield>
    <subfield code="c">1404- [1983 or 1984]-</subfield>
  </datafield>
  <datafield tag="300" ind1=" " ind2=" ">
    <subfield code="a">v. :</subfield>
    <subfield code="b">ill. ;</subfield>
    <subfield code="c">30 cm.</subfield>
  </datafield>
  <datafield tag="500" ind1=" " ind2=" ">
    <subfield code="a">Verifiers vary for each vol.</subfield>
  </datafield>
  <datafield tag="500" ind1=" " ind2=" ">
    <subfield code="a">Reprint. Originally published: al-Qāhirah : al-Maṭbaʻah al-Amīrīyah, 1952-</subfield>
  </datafield>
  <datafield tag="504" ind1=" " ind2=" ">
    <subfield code="a">Includes bibliographical references, indexes.</subfield>
  </datafield>
  <datafield tag="505" ind1="1" ind2=" ">
    <subfield code="a">[1] al-Manṭiq. 1. al-Madkhal. 2. al-Maqūlāt. 3. al-ʻIbārah. 4. al-Qiyās. 5. al-Burhān. 6. al-Jadal. 7. al-Safsaṭah. 8. al-Khaṭābah. 9. al-Shiʻr (4 v.) -- [2] al-Ṭabīʻīyāt. 1. al-Samāʻ al-ṭabīʻī. 2. al-Samāʾ wa-al-ʻālam. 3. al-Kawn wa-al-fasād. 4. al-Afʻāl wa-al-infiʻālāt. 5. al-Maʻādin wa-al-āthār al-ʻulwīyah. 6. al-Nafs. 7. al-Nabāt 8. al-Ḥayawān. -- [3] al-Riyāḍīyāt. [1] Uṣūl al-handasah. 2. al-Ḥisāb. 3. Jawāmiʻ ʻilm al-mūsīqá. 4. ʻIlm al-hayʾah. -- [4] al-Ilāhīyāt.</subfield>
  </datafield>
  <datafield tag="650" ind1=" " ind2="0">
    <subfield code="a">Islamic philosophy</subfield>
    <subfield code="v">Early works to 1800.</subfield>
  </datafield>
  <datafield tag="700" ind1="1" ind2=" ">
    <subfield code="6">880-04</subfield>
    <subfield code="a">Madkūr, Ibrāhīm.</subfield>
  </datafield>
  <datafield tag="700" ind1="1" ind2=" ">
    <subfield code="6">880-05</subfield>
    <subfield code="a">Anawati, Georges C.,</subfield>
    <subfield code="d">1905-1994.</subfield>
  </datafield>
  <datafield tag="700" ind1="1" ind2=" ">
    <subfield code="6">880-06</subfield>
    <subfield code="a">Khuḍayrī, Maḥmūd Muḥammad.</subfield>
  </datafield>
  <datafield tag="700" ind1="1" ind2=" ">
    <subfield code="6">880-07</subfield>
    <subfield code="a">Ahwānī, Aḥmad Fuʼād,</subfield>
    <subfield code="d">-1970.</subfield>
  </datafield>
  <datafield tag="880" ind1="0" ind2=" ">
    <subfield code="6">100-01/(3/r</subfield>
    <subfield code="a">ابن سينا,</subfield>
    <subfield code="d">980-1037.</subfield>
  </datafield>
  <datafield tag="880" ind1="1" ind2="2">
    <subfield code="6">245-02/(3/r</subfield>
    <subfield code="a">الشفاء /</subfield>
    <subfield code="c">ابن سينا ؛تصدير طه حسين ؛ مراجعة ابراهيم مدكور ؛ تحقيق الاب القنواتي، محمود الخضيري، فئاد الإهواني.</subfield>
  </datafield>
  <datafield tag="880" ind1=" " ind2=" ">
    <subfield code="6">260-03/(3/r</subfield>
    <subfield code="a">قم، ايران :</subfield>
    <subfield code="b">مكتبة آية الله العظمى المرعشي النجفي،</subfield>
    <subfield code="c">1404- [1983 or 1984]-</subfield>
  </datafield>
  <datafield tag="880" ind1="1" ind2=" ">
    <subfield code="6">700-04/(3/r</subfield>
    <subfield code="a">مدكور، ابراهيم.</subfield>
  </datafield>
  <datafield tag="880" ind1="1" ind2=" ">
    <subfield code="6">700-05/(3/r</subfield>
    <subfield code="a">قنواتي، جورج شحاتة,</subfield>
    <subfield code="d">1905-1994.</subfield>
  </datafield>
  <datafield tag="880" ind1="1" ind2=" ">
    <subfield code="6">700-06/(3/r</subfield>
    <subfield code="a">خضيري، محمود محمد.</subfield>
  </datafield>
  <datafield tag="880" ind1="1" ind2=" ">
    <subfield code="6">700-07/(3/r</subfield>
    <subfield code="a">اهواني، أحمد فؤاد,</subfield>
    <subfield code="d">-1970.</subfield>
  </datafield>
  <datafield tag="955" ind1=" " ind2=" ">
    <subfield code="b">0045640009</subfield>
    <subfield code="d">glx</subfield>
    <subfield code="e">B751 .S5 1983</subfield>
    <subfield code="v">v.1,pt.7:1984</subfield>
  </datafield>
</record>
</collection>